%YAML 1.1
%TAG !u! tag:unity3d.com,2011:
--- !u!241 &24100000
AudioMixerController:
  m_ObjectHideFlags: 0
  m_PrefabParentObject: {fileID: 0}
  m_PrefabInternal: {fileID: 0}
  m_Name: GameSound
  m_OutputGroup: {fileID: 0}
  m_MasterGroup: {fileID: 24300001}
  m_Snapshots:
  - {fileID: 24500003}
  m_StartSnapshot: {fileID: 24500003}
  m_SuspendThreshold: -80
  m_EnableSuspend: 1
  m_ExposedParameters: []
  m_AudioMixerGroupViews:
  - guids:
    - aa67193ec628b4420b8084bf7f0e3d48
    - e9b98ff7089b24312985e78e8c4f7a13
    - f242a6545ce904b07b1c4627aa7de0ef
    - 4c93990c072e44ef4830e36cb58f9344
    name: View
  m_CurrentViewIndex: 0
  m_TargetSnapshot: {fileID: 24500003}
--- !u!243 &24300001
AudioMixerGroupController:
  m_ObjectHideFlags: 0
  m_PrefabParentObject: {fileID: 0}
  m_PrefabInternal: {fileID: 0}
  m_Name: Master
  m_AudioMixer: {fileID: 24100000}
  m_GroupID: aa67193ec628b4420b8084bf7f0e3d48
  m_Children:
  - {fileID: 24303370}
  - {fileID: 24301722}
  - {fileID: 24317848}
  m_Volume: 8ba8c5615d2c547399720ad4eb222e81
  m_Pitch: 751559c23705547c19611bc108f09171
  m_Effects:
  - {fileID: 24400002}
  m_UserColorIndex: 0
  m_Mute: 0
  m_Solo: 0
  m_BypassEffects: 0
--- !u!243 &24301722
AudioMixerGroupController:
  m_ObjectHideFlags: 0
  m_PrefabParentObject: {fileID: 0}
  m_PrefabInternal: {fileID: 0}
  m_Name: Soundtrack
  m_AudioMixer: {fileID: 24100000}
  m_GroupID: e9b98ff7089b24312985e78e8c4f7a13
  m_Children: []
  m_Volume: 24d8acd47ee0947efae29cdad4c1843c
  m_Pitch: 52dd2b1a9124240a7b7a35669e5e286f
  m_Effects:
  - {fileID: 24457954}
  m_UserColorIndex: 0
  m_Mute: 0
  m_Solo: 0
  m_BypassEffects: 0
--- !u!243 &24303370
AudioMixerGroupController:
  m_ObjectHideFlags: 0
  m_PrefabParentObject: {fileID: 0}
  m_PrefabInternal: {fileID: 0}
  m_Name: SFX
  m_AudioMixer: {fileID: 24100000}
  m_GroupID: f242a6545ce904b07b1c4627aa7de0ef
  m_Children: []
  m_Volume: 43af073a8020040ef9d261e6ee346999
  m_Pitch: f23201bb7e8d14431b40625fb3956228
  m_Effects:
  - {fileID: 24490428}
  m_UserColorIndex: 0
  m_Mute: 0
  m_Solo: 0
  m_BypassEffects: 0
--- !u!243 &24317848
AudioMixerGroupController:
  m_ObjectHideFlags: 0
  m_PrefabParentObject: {fileID: 0}
  m_PrefabInternal: {fileID: 0}
  m_Name: TractorBeam
  m_AudioMixer: {fileID: 24100000}
  m_GroupID: 4c93990c072e44ef4830e36cb58f9344
  m_Children: []
  m_Volume: e16ee2d0ed0b041d68c003b9b137e1ee
  m_Pitch: 88cdd2e52b08242beb4a6b8c957ce416
  m_Effects:
  - {fileID: 24480074}
  m_UserColorIndex: 0
  m_Mute: 0
  m_Solo: 0
  m_BypassEffects: 0
--- !u!244 &24400002
AudioMixerEffectController:
  m_ObjectHideFlags: 3
  m_PrefabParentObject: {fileID: 0}
  m_PrefabInternal: {fileID: 0}
  m_Name: 
  m_EffectID: f90c5ddf8143c465ab09065d175889a7
  m_EffectName: Attenuation
  m_MixLevel: b76097e4ac63e4847baf7c6222161971
  m_Parameters: []
  m_SendTarget: {fileID: 0}
  m_EnableWetMix: 0
  m_Bypass: 0
--- !u!244 &24457954
AudioMixerEffectController:
  m_ObjectHideFlags: 3
  m_PrefabParentObject: {fileID: 0}
  m_PrefabInternal: {fileID: 0}
  m_Name: 
  m_EffectID: 1e9fb38fc535740e4b7e453077e83e3e
  m_EffectName: Attenuation
  m_MixLevel: e9cd40d2a56c148049d558756791f906
  m_Parameters: []
  m_SendTarget: {fileID: 0}
  m_EnableWetMix: 0
  m_Bypass: 0
--- !u!244 &24480074
AudioMixerEffectController:
  m_ObjectHideFlags: 3
  m_PrefabParentObject: {fileID: 0}
  m_PrefabInternal: {fileID: 0}
  m_Name: 
  m_EffectID: 30c1565b7aa8745c8a0987612a2a7b23
  m_EffectName: Attenuation
  m_MixLevel: f8556654603724213978a6e0ed9c8642
  m_Parameters: []
  m_SendTarget: {fileID: 0}
  m_EnableWetMix: 0
  m_Bypass: 0
--- !u!244 &24490428
AudioMixerEffectController:
  m_ObjectHideFlags: 3
  m_PrefabParentObject: {fileID: 0}
  m_PrefabInternal: {fileID: 0}
  m_Name: 
  m_EffectID: 75410df788aa64eb8a9ca3af68815119
  m_EffectName: Attenuation
  m_MixLevel: 22544b46ef2b14fb38ede3fe76198e15
  m_Parameters: []
  m_SendTarget: {fileID: 0}
  m_EnableWetMix: 0
  m_Bypass: 0
--- !u!245 &24500003
AudioMixerSnapshotController:
  m_ObjectHideFlags: 0
  m_PrefabParentObject: {fileID: 0}
  m_PrefabInternal: {fileID: 0}
  m_Name: Snapshot
  m_AudioMixer: {fileID: 24100000}
  m_SnapshotID: 015e5ed85e42c452c831a055a9c4f932
  m_FloatValues:
    e16ee2d0ed0b041d68c003b9b137e1ee: 9.26041222
    8ba8c5615d2c547399720ad4eb222e81: .10800299
    24d8acd47ee0947efae29cdad4c1843c: .23288241
    43af073a8020040ef9d261e6ee346999: -.272099882
  m_TransitionOverrides: {}
